<?xml version="1.0" encoding="UTF-8"?><collection xmlns="http://www.loc.gov/MARC21/slim"><record><leader>00635nam--2200181-i-4500</leader><controlfield tag="001">000008322</controlfield><controlfield tag="002">20161230</controlfield><controlfield tag="005">20170209163311</controlfield><controlfield tag="008">060222s1000------------r-----000-0-eng-d</controlfield><datafield ind1=" " ind2=" " tag="040"><subfield code="a">IFIN-HH</subfield></datafield><datafield ind1=" " ind2=" " tag="080"><subfield code="a">548.73</subfield></datafield><datafield ind1="1" ind2=" " tag="100"><subfield code="a">Castaing, R</subfield></datafield><datafield ind1="1" ind2="0" tag="245"><subfield code="a">Optique des rayons x et microanalyse. x-ray optics and microanalysis</subfield><subfield code="b">IV-e congres international sur l`optique des rayons x et la microanayse, Orsay, septembre 1965. publie sous la dir ection de</subfield><subfield code="c">R. Castaing, P. Deschamps, J. Philibert</subfield></datafield><datafield ind1=" " ind2=" " tag="260"><subfield code="a">Paris</subfield><subfield code="b">Herman</subfield><subfield code="c">1966</subfield></datafield><datafield ind1=" " ind2=" " tag="300"><subfield code="a">706 p</subfield></datafield><datafield ind1="1" ind2=" " tag="700"><subfield code="a">Philibert, Jean</subfield></datafield><datafield ind1=" " ind2=" " tag="852"><subfield code="a">27841</subfield><subfield code="c">537.531</subfield></datafield><datafield ind1=" " ind2=" " tag="CAT"><subfield code="a">SYS</subfield><subfield code="c">20170209</subfield><subfield code="h">163311</subfield></datafield></record></collection>